@online{Ed2002DNA,
  author    = {Ed Darnell},
  title     = {The future of IT could be in DNA},
  journal   = {COMPUTER WEEKLY},
  year      = {2002},
  pages     = {24--25},
  publisher = {Reed Elsevier},
  url       = {https://scholar.google.com/scholar?hl=en&as_sdt=0,5&cluster=1339011415393554752}
}

@online{Ed2012MATHS,
  author = {Ed Darnell},
  title  = {PGCE & MA in Mathematics Education},
  year   = {2012}
}

@online{Ed2019xZFC,
  author = {Ed Darnell},
  title  = {The Countable-Infinity Contradiction},
  year   = {2019},
  url    = {https://www.researchgate.net/publication/334391421_The_Countable-Infinity_Contradiction}
}